@inproceedings{Feurer2015EfficientAR,
  title={Efficient and Robust Automated Machine Learning},
  author={Matthias Feurer and Aaron Klein and Katharina Eggensperger and Jost Tobias Springenberg and Manuel Blum and Frank Hutter},
  booktitle={NIPS},
  year={2015}
}

@article{Platnick1963ConjecturesAR,
  title={Conjectures and Refutations: The Growth of Scientific Knowledge.},
  author={Norman I. Platnick and Karl Raimund Sir Popper},
  journal={Systematic Biology},
  year={1963},
  volume={26},
  pages={363}
}

@inproceedings{Sculley2015HiddenTD,
  title={Hidden Technical Debt in Machine Learning Systems},
  author={D. Sculley and Gary Holt and Daniel Golovin and Eugene Davydov and Todd Phillips and Dietmar Ebner and Vinay Chaudhary and Michael Young and Jean-François Crespo and Dan Dennison},
  booktitle={NIPS},
  year={2015}
}

@article{Lawrence2017DataRL,
  title={Data Readiness Levels},
  author={Neil D. Lawrence},
  journal={ArXiv},
  year={2017},
  volume={abs/1705.02245}
}


@TechReport{data-readiness-lessons-from-an-emergency,
  title = 	 {Data Readiness: Lessons from an Emergency},
  author = 	 {{The DELVE Initiative}},
  year = 	 {2020},
  publisher =    {The Royal Society},
  pdf = 	 {https://rs-delve.github.io/assets/pdf/2020-11-24-data-readiness-lessons-from-an-emergency.pdf},
  url = 	 {https://rs-delve.github.io/reports/2020/11/24/data-readiness-lessons-from-an-emergency.html},
}

@inproceedings{emukit2019,
  author = {Paleyes, Andrei and Pullin, Mark and Mahsereci, Maren and McCollum, Cliff and Lawrence, Neil and González, Javier},
  title = {Emulation of physical processes with Emukit},
  booktitle = {Second Workshop on Machine Learning and the Physical Sciences, NeurIPS},
  year = {2019}
}

@inproceedings{Goodfellow2014GenerativeAN,
  title={Generative Adversarial Nets},
  author={Ian J. Goodfellow and Jean Pouget-Abadie and Mehdi Mirza and Bing Xu and David Warde-Farley and Sherjil Ozair and Aaron C. Courville and Yoshua Bengio},
  booktitle={NIPS},
  year={2014}
}

@inproceedings{damianou2013deep,
  title={Deep {G}aussian processes},
  author={Damianou, Andreas and Lawrence, Neil D},
  booktitle={Artificial intelligence and statistics},
  pages={207--215},
  year={2013},
  organization={PMLR}
}

@article{Perdikaris2017NonlinearIF,
  title={Nonlinear information fusion algorithms for data-efficient multi-fidelity modelling},
  author={Paris Perdikaris and M. Raissi and Andreas C. Damianou and ND Lawrence and George Em Karniadakis},
  journal={Proceedings of the Royal Society A: Mathematical, Physical and Engineering Sciences},
  year={2017},
  volume={473}
}

@inproceedings{damianou2012manifold,
  title={Manifold relevance determination},
  author={Damianou, Andreas C and Ek, Carl Henrik and Titsias, Michalis K and Lawrence, Neil D},
  booktitle={Proceedings of the 29th International Coference on International Conference on Machine Learning},
  pages={531--538},
  year={2012}
}

@techreport{delve2020test,
  title={Test, Trace, Isolate},
  author={DELVE Initiative and others},
  year={2020},
  institution={DELVE Report}
}
